@book{Schwichtenberg15,
  title={Physics from symmetry},
  author={Schwichtenberg, Jakob},
  year={2015},
  publisher={Springer}
}