@book{Schwichtenberg15,
  title={Physics from symmetry},
  author={Schwichtenberg, Jakob},
  year={2015},
  publisher={Springer}
}

@article{Steane13,
  title={An introduction to spinors},
  author={Steane, Andrew M},
  journal={arXiv preprint arXiv:1312.3824},
  year={2013}
}